%%
% The BIThesis Template for Graduate Thesis
%
% Copyright 2020-2023 Yang Yating, BITNP
%
% This work may be distributed and/or modified under the
% conditions of the LaTeX Project Public License, either version 1.3
% of this license or (at your option) any later version.
% The latest version of this license is in
%   http://www.latex-project.org/lppl.txt
% and version 1.3 or later is part of all distributions of LaTeX
% version 2005/12/01 or later.
%
% This work has the LPPL maintenance status `maintained'.
%
% The Current Maintainer of this work is Feng Kaiyu.


%%==================================================
%% chap1.bib for BIT Master Thesis
%% modified by yang yating
%% version: 0.1
%% last update: Dec 25th, 2016
%%==================================================


@misc{Synopsys_2023,
  author = {{Synopsys, Inc.}},
  year   = {2023},
  title  = {2023 Open Source Security and Risk Analysis Report},
  note   = {\url{https://www.synopsys.com/software-integrity/resources/analyst-reports/open-source-security-risk-analysis.html}}
}

@misc{Gartner_2022,
  author = {Susan Moore},
  year   = {April 13, 2022},
  title  = {7 Top Trends in Cybersecurity for 2022},
  note   = {\url{https://www.gartner.com/en/articles/7-top-trends-in-cybersecurity-for-2022}}
}

@article{乐乔艺2021代码克隆检测研究进展综述,
  title   = {代码克隆检测研究进展综述},
  author  = {乐乔艺 and 刘建勋 and 孙晓平 and 张祥平},
  journal = {计算机科学},
  volume  = {48},
  number  = {S02},
  pages   = {14},
  year    = {2021}
}

@inproceedings{7332459,
  author    = {Svajlenko, Jeffrey and Roy, Chanchal K.},
  booktitle = {2015 IEEE International Conference on Software Maintenance and Evolution (ICSME)},
  title     = {Evaluating clone detection tools with BigCloneBench},
  year      = {2015},
  volume    = {},
  number    = {},
  pages     = {131-140},
  keywords  = {Cloning;Benchmark testing;Software systems;Big data;Java;Data mining},
  doi       = {10.1109/ICSM.2015.7332459}
}

@misc{IJaDataset2.0,
  author = {IJaDataset2.0},
  year   = {January 2013},
  title  = {Ambient Software Evoluton Group},
  note   = {\url{http://secold.org/projects/seclone}}
}

@inproceedings{7965429,
  author    = {Dang, Yingnong and Zhang, Dongmei and Ge, Song and Huang, Ray and Chu, Chengyun and Xie, Tao},
  booktitle = {2017 IEEE/ACM 39th International Conference on Software Engineering: Software Engineering in Practice Track (ICSE-SEIP)},
  title     = {Transferring Code-Clone Detection and Analysis to Practice},
  year      = {2017},
  volume    = {},
  number    = {},
  pages     = {53-62},
  keywords  = {Cloning;Visualization;Computer bugs;Tools;Security;Software;Electronic mail},
  doi       = {10.1109/ICSE-SEIP.2017.6}
}

@article{Yang2015ClassificationMF,
  title   = {Classification model for code clones based on machine learning},
  author  = {Jiachen Yang and Keisuke Hotta and Yoshiki Higo and Hiroshi Igaki and Shinji Kusumoto},
  journal = {Empirical Software Engineering},
  year    = {2015},
  volume  = {20},
  pages   = {1095-1125},
  url     = {https://api.semanticscholar.org/CorpusID:18892467}
}

@article{陈秋远2019代码克隆检测研究进展,
  title   = {代码克隆检测研究进展},
  author  = {陈秋远 and 李善平 and 鄢萌 and 夏鑫},
  journal = {软件学报},
  volume  = {30},
  number  = {4},
  pages   = {19},
  year    = {2019}
}

@article{Bengio2013Representation,
  title={Representation Learning: A Review and New Perspectives},
  author={Bengio and Yoshua and Courville and Aaron and Vincent and Pascal},
  journal={IEEE Transactions on Pattern Analysis & Machine Intelligence},
  volume={35},
  number={8},
  pages={1798-1828},
  year={2013},
}

@article{WOS:000202849800065,
  author    = {Pearson, Karl},
  title     = {On lines and planes of closest fit to systems of points in space.},
  journal   = {PHILOSOPHICAL MAGAZINE},
  year      = {1901},
  volume    = {2},
  number    = {7-12},
  pages     = {559-572},
  month     = {JUL-DEC},
  doi       = {10.1080/14786440109462720},
  issn      = {1478-6435},
  unique-id = {WOS:000202849800065}
}

@article{2012THE,
  title   = {THE USE OF MULTIPLE MEASUREMENTS IN TAXONOMIC PROBLEMS},
  author  = { Fisher, Ronald A. },
  journal = {Annals of Human Genetics},
  volume  = {7},
  number  = {7},
  pages   = {179-188},
  year    = {2012}
}


@article{1986Learning,
  title   = {Learning Representations by Back Propagating Errors},
  author  = { Rumelhart, David E.  and  Hinton, Geoffrey E.  and  Williams, Ronald J. },
  journal = {Nature},
  volume  = {323},
  number  = {6088},
  pages   = {533-536},
  year    = {1986}
}


@article{2006A,
  title   = {A Fast Learning Algorithm for Deep Belief Nets},
  author  = { Hinton, Geoffrey E.  and  Osindero, Simon  and  Teh, Yee Whye },
  journal = {Neural Computation},
  volume  = {18},
  number  = {7},
  pages   = {1527-1554},
  year    = {2006}
}

@article{Bengio2013Representation,
  title   = {Representation Learning: A Review and New Perspectives},
  author  = {Bengio and Yoshua and Courville and Aaron and Vincent and Pascal},
  journal = {IEEE Transactions on Pattern Analysis \& Machine Intelligence},
  volume  = {35},
  number  = {8},
  pages   = {1798-1828},
  year    = {2013}
}

@book{goodfellow2016deep,
  title     = {Deep Learning},
  author    = {Goodfellow, I. and Bengio, Y. and Courville, A.},
  isbn      = {9780262035613},
  lccn      = {2016022992},
  series    = {Adaptive Computation and Machine Learning series},
  url       = {https://books.google.com.tw/books?id=Np9SDQAAQBAJ},
  year      = {2016},
  publisher = {MIT Press}
}

@article{1019480,
  author   = {Kamiya, T. and Kusumoto, S. and Inoue, K.},
  journal  = {IEEE Transactions on Software Engineering},
  title    = {CCFinder: a multilinguistic token-based code clone detection system for large scale source code},
  year     = {2002},
  volume   = {28},
  number   = {7},
  pages    = {654-670},
  keywords = {Cloning;Large-scale systems;Software systems;Maintenance engineering;Software maintenance;Software tools;Java;Linux;Computer aided software engineering;Programming profession},
  doi      = {10.1109/TSE.2002.1019480}
}


@article{1610609,
  author   = {Li, Z. and Lu, S. and Myagmar, S. and Zhou, Y.},
  journal  = {IEEE Transactions on Software Engineering},
  title    = {CP-Miner: finding copy-paste and related bugs in large-scale software code},
  year     = {2006},
  volume   = {32},
  number   = {3},
  pages    = {176-192},
  keywords = {Computer bugs;Large-scale systems;Linux;Operating systems;Data mining;Cloning;Programming profession;Kernel;Performance analysis;Software performance;Software analysis;code reuse;code duplication;debugging aids;data mining.},
  doi      = {10.1109/TSE.2006.28}
}

@inproceedings{10.1145/1287624.1287634,
  author    = {Jiang, Lingxiao and Su, Zhendong and Chiu, Edwin},
  title     = {Context-based detection of clone-related bugs},
  year      = {2007},
  isbn      = {9781595938114},
  publisher = {Association for Computing Machinery},
  address   = {New York, NY, USA},
  url       = {https://doi.org/10.1145/1287624.1287634},
  doi       = {10.1145/1287624.1287634},
  pages     = {55–64},
  numpages  = {10},
  keywords  = {code clone detection, code clone-related bugs, context-based bug detection, inconsistencies},
  location  = {Dubrovnik, Croatia},
  series    = {ESEC-FSE '07}
}

@inproceedings{pennington-etal-2014-glove,
  title     = {{G}lo{V}e: Global Vectors for Word Representation},
  author    = {Pennington, Jeffrey  and
               Socher, Richard  and
               Manning, Christopher},
  editor    = {Moschitti, Alessandro  and
               Pang, Bo  and
               Daelemans, Walter},
  booktitle = {Proceedings of the 2014 Conference on Empirical Methods in Natural Language Processing ({EMNLP})},
  month     = oct,
  year      = {2014},
  address   = {Doha, Qatar},
  publisher = {Association for Computational Linguistics},
  url       = {https://aclanthology.org/D14-1162},
  doi       = {10.3115/v1/D14-1162},
  pages     = {1532--1543}
}


@inproceedings{devlin-etal-2019-bert,
  title     = {{BERT}: Pre-training of Deep Bidirectional Transformers for Language Understanding},
  author    = {Devlin, Jacob  and
               Chang, Ming-Wei  and
               Lee, Kenton  and
               Toutanova, Kristina},
  editor    = {Burstein, Jill  and
               Doran, Christy  and
               Solorio, Thamar},
  booktitle = {Proceedings of the 2019 Conference of the North {A}merican Chapter of the Association for Computational Linguistics: Human Language Technologies, Volume 1 (Long and Short Papers)},
  month     = jun,
  year      = {2019},
  address   = {Minneapolis, Minnesota},
  publisher = {Association for Computational Linguistics},
  url       = {https://aclanthology.org/N19-1423},
  doi       = {10.18653/v1/N19-1423},
  pages     = {4171--4186}
}

@article{Feng2020CodeBERTAP,
  title   = {CodeBERT: A Pre-Trained Model for Programming and Natural Languages},
  author  = {Zhangyin Feng and Daya Guo and Duyu Tang and Nan Duan and Xiaocheng Feng and Ming Gong and Linjun Shou and Bing Qin and Ting Liu and Daxin Jiang and Ming Zhou},
  journal = {ArXiv},
  year    = {2020},
  volume  = {abs/2002.08155},
  url     = {https://api.semanticscholar.org/CorpusID:211171605}
}

@article{White2016DeepLC,
  title   = {Deep learning code fragments for code clone detection},
  author  = {Martin White and Michele Tufano and Christopher Vendome and Denys Poshyvanyk},
  journal = {2016 31st IEEE/ACM International Conference on Automated Software Engineering (ASE)},
  year    = {2016},
  pages   = {87-98},
  url     = {https://api.semanticscholar.org/CorpusID:14867364}
}

@inproceedings{WOS:000485474201046,
  author               = {Mou, Lili and Li, Ge and Zhang, Lu and Wang, Tao and Jin, Zhi},
  book-group-author    = {AAAI},
  title                = {Convolutional Neural Networks over Tree Structures for Programming
                          Language Processing},
  booktitle            = {THIRTIETH AAAI CONFERENCE ON ARTIFICIAL INTELLIGENCE},
  series               = {AAAI Conference on Artificial Intelligence},
  year                 = {2016},
  pages                = {1287-1293},
  note                 = {30th Association-for-the-Advancement-of-Artificial-Intelligence (AAAI)
                          Conference on Artificial Intelligence, Phoenix, AZ, FEB 12-17, 2016},
  organization         = {Assoc Advancement Artificial Intelligence},
  issn                 = {2159-5399},
  eissn                = {2374-3468},
  researcherid-numbers = {Jin, Zhi/E-1288-2013},
  unique-id            = {WOS:000485474201046}
}

@inproceedings{10.5555/3172077.3172312,
  author    = {Wei, Hui-Hui and Li, Ming},
  title     = {Supervised deep features for software functional clone detection by exploiting lexical and syntactical information in source code},
  year      = {2017},
  isbn      = {9780999241103},
  publisher = {AAAI Press},
  pages     = {3034–3040},
  numpages  = {7},
  location  = {Melbourne, Australia},
  series    = {IJCAI'17}
}

@inproceedings{10.1145/3310273.3321560,
  author    = {Chen, Long and Ye, Wei and Zhang, Shikun},
  title     = {Capturing source code semantics via tree-based convolution over API-enhanced AST},
  year      = {2019},
  isbn      = {9781450366854},
  publisher = {Association for Computing Machinery},
  address   = {New York, NY, USA},
  url       = {https://doi.org/10.1145/3310273.3321560},
  doi       = {10.1145/3310273.3321560},
  booktitle = {Proceedings of the 16th ACM International Conference on Computing Frontiers},
  pages     = {174–182},
  numpages  = {9},
  keywords  = {API, AST, big code, clone detection, code search, code semantics, code summarization, representation learning, semantic clone, tree-based LSTM, tree-based convolution},
  location  = {Alghero, Italy},
  series    = {CF '19}
}

@inproceedings{8812062,
  author    = {Zhang, Jian and Wang, Xu and Zhang, Hongyu and Sun, Hailong and Wang, Kaixuan and Liu, Xudong},
  booktitle = {2019 IEEE/ACM 41st International Conference on Software Engineering (ICSE)},
  title     = {A Novel Neural Source Code Representation Based on Abstract Syntax Tree},
  year      = {2019},
  volume    = {},
  number    = {},
  pages     = {783-794},
  keywords  = {Syntactics;Cloning;Semantics;Neural networks;Task analysis;Binary trees;Natural languages;Abstract Syntax Tree, source code representation, neural network, code classification, code clone detection},
  doi       = {10.1109/ICSE.2019.00086}
}


@article{Allamanis2017LearningTR,
  title   = {Learning to Represent Programs with Graphs},
  author  = {Miltiadis Allamanis and Marc Brockschmidt and Mahmoud Khademi},
  journal = {ArXiv},
  year    = {2017},
  volume  = {abs/1711.00740},
  url     = {https://api.semanticscholar.org/CorpusID:3495200}
}


@article{Lu2019ProgramCU,
  title   = {Program Classification Using Gated Graph Attention Neural Network for Online Programming Service},
  author  = {Mingming Lu and Dingwu Tan and Naixue N. Xiong and Zailiang Chen and Haifeng Li},
  journal = {ArXiv},
  year    = {2019},
  volume  = {abs/1903.03804},
  url     = {https://api.semanticscholar.org/CorpusID:73728621}
}

@article{Brockschmidt2018GenerativeCM,
  title   = {Generative Code Modeling with Graphs},
  author  = {Marc Brockschmidt and Miltiadis Allamanis and Alexander L. Gaunt and Oleksandr Polozov},
  journal = {ArXiv},
  year    = {2018},
  volume  = {abs/1805.08490},
  url     = {https://api.semanticscholar.org/CorpusID:46899514}
}

@inproceedings{10.5555/3327144.3327276,
  author    = {Ben-Nun, Tal and Jakobovits, Alice Shoshana and Hoefler, Torsten},
  title     = {Neural code comprehension: a learnable representation of code semantics},
  year      = {2018},
  publisher = {Curran Associates Inc.},
  address   = {Red Hook, NY, USA},
  booktitle = {Proceedings of the 32nd International Conference on Neural Information Processing Systems},
  pages     = {3589–3601},
  numpages  = {13},
  location  = {Montr\'{e}al, Canada},
  series    = {NIPS'18}
}

@inproceedings{9054857,
  author    = {Wang, Wenhan and Li, Ge and Ma, Bo and Xia, Xin and Jin, Zhi},
  booktitle = {2020 IEEE 27th International Conference on Software Analysis, Evolution and Reengineering (SANER)},
  title     = {Detecting Code Clones with Graph Neural Network and Flow-Augmented Abstract Syntax Tree},
  year      = {2020},
  volume    = {},
  number    = {},
  pages     = {261-271},
  keywords  = {Software maintenance;Java;Codes;Semantics;Cloning;Syntactics;Feature extraction;clone detection;data flow;control flow;deep learning;graph neural network},
  doi       = {10.1109/SANER48275.2020.9054857}
}

@inproceedings{10.1145/3236024.3236059,
  author    = {DeFreez, Daniel and Thakur, Aditya V. and Rubio-Gonz\'{a}lez, Cindy},
  title     = {Path-based function embedding and its application to error-handling specification mining},
  year      = {2018},
  isbn      = {9781450355735},
  publisher = {Association for Computing Machinery},
  address   = {New York, NY, USA},
  url       = {https://doi.org/10.1145/3236024.3236059},
  doi       = {10.1145/3236024.3236059},
  pages     = {423–433},
  numpages  = {11},
  keywords  = {specification mining, program embeddings, program comprehension, program analysis, error handling},
  location  = {Lake Buena Vista, FL, USA},
  series    = {ESEC/FSE 2018}
}

@inproceedings{WOS:000680742600067,
  author            = {Duan, Yue and Li, Xuezixiang and Wang, Jinghan and Yin, Heng},
  book-group-author = {Internet Soc},
  title             = {DEEPBINDIFF: Learning Program-Wide Code Representations for Binary
                       Diffing},
  booktitle         = {27TH ANNUAL NETWORK AND DISTRIBUTED SYSTEM SECURITY SYMPOSIUM (NDSS
                       2020)},
  year              = {2020},
  note              = {27th Annual Network and Distributed System Security Symposium (NDSS),
                       San Diego, CA, FEB 23-26, 2020},
  doi               = {10.14722/ndss.2020.24311},
  isbn              = {978-1-891562-61-7},
  orcid-numbers     = {Yin, Heng/0000-0002-8942-7742
                       , Yue/0000-0003-1049-9645},
  unique-id         = {WOS:000680742600067}
}

@article{Yang2021AGS,
  title   = {A graph sequence neural architecture for code completion with semantic structure features},
  author  = {Kang Yang and Huiqun Yu and Guisheng Fan and Xingguang Yang and Zijie Huang},
  journal = {Journal of Software: Evolution and Process},
  year    = {2021},
  volume  = {34},
  url     = {https://api.semanticscholar.org/CorpusID:245628361}
}

@article{Tufano2018DeepLS,
  title   = {Deep Learning Similarities from Different Representations of Source Code},
  author  = {Michele Tufano and Cody Watson and Gabriele Bavota and Massimiliano Di Penta and Martin White and Denys Poshyvanyk},
  journal = {2018 IEEE/ACM 15th International Conference on Mining Software Repositories (MSR)},
  year    = {2018},
  pages   = {542-553},
  url     = {https://api.semanticscholar.org/CorpusID:46902434}
}


@article{Fang2020FunctionalCC,
  title   = {Functional code clone detection with syntax and semantics fusion learning},
  author  = {Chunrong Fang and Zixi Liu and Yangyang Shi and Jeff Huang and Qingkai Shi},
  journal = {Proceedings of the 29th ACM SIGSOFT International Symposium on Software Testing and Analysis},
  year    = {2020},
  url     = {https://api.semanticscholar.org/CorpusID:263876479}
}

@article{Hua2020FCCAHC,
  title   = {FCCA: Hybrid Code Representation for Functional Clone Detection Using Attention Networks},
  author  = {Wei Hua and Yulei Sui and Yao Wan and Guangzhong Liu and Guandong Xu},
  journal = {IEEE Transactions on Reliability},
  year    = {2020},
  volume  = {70},
  pages   = {304-318},
  url     = {https://api.semanticscholar.org/CorpusID:226421066}
}

@inproceedings{9148302,
  author    = {Dong, Wenyuan and Feng, Zhiyong and Wei, Hua and Luo, Hong},
  booktitle = {2020 International Wireless Communications and Mobile Computing (IWCMC)},
  title     = {A Novel Code Stylometry-based Code Clone Detection Strategy},
  year      = {2020},
  volume    = {},
  number    = {},
  pages     = {1516-1521},
  keywords  = {Feature extraction;Cloning;Syntactics;Plagiarism;Forestry;Layout;Vegetation;code similarity;Bi-Lstm;code stylometry},
  doi       = {10.1109/IWCMC48107.2020.9148302}
}

@phdthesis{王亚芳2020基于图像相似度检测代码克隆,
  title  = {基于图像相似度检测代码克隆},
  author = {王亚芳},
  school = {内蒙古师范大学},
  year   = {2020}
}

@inproceedings{10.1145/3236024.3236026,
  author    = {Saini, Vaibhav and Farmahinifarahani, Farima and Lu, Yadong and Baldi, Pierre and Lopes, Cristina V.},
  title     = {Oreo: detection of clones in the twilight zone},
  year      = {2018},
  isbn      = {9781450355735},
  publisher = {Association for Computing Machinery},
  address   = {New York, NY, USA},
  url       = {https://doi.org/10.1145/3236024.3236026},
  doi       = {10.1145/3236024.3236026},
  pages     = {354–365},
  numpages  = {12},
  keywords  = {Software Metrics, Machine Learning, Clone detection},
  location  = {Lake Buena Vista, FL, USA},
  series    = {ESEC/FSE 2018}
}

@article{ALOMARI2022111115,
  title   = {Clone Detection through {{srcClone}}: {{A}} Program Slicing Based Approach},
  author  = {Alomari, Hakam W. and Stephan, Matthew},
  year    = {2022},
  journal = {Journal of Systems and Software},
  volume  = {184},
  pages   = {111115},
  issn    = {0164-1212},
  doi     = {10.1016/j.jss.2021.111115}
}

@inproceedings{7886988,
  author    = {Sajnani, Hitesh and Saini, Vaibhav and Svajlenko, Jeffrey and Roy, Chanchal K. and Lopes, Cristina V.},
  booktitle = {2016 IEEE/ACM 38th International Conference on Software Engineering (ICSE)},
  title     = {SourcererCC: Scaling Code Clone Detection to Big-Code},
  year      = {2016},
  volume    = {},
  number    = {},
  pages     = {1157-1168},
  keywords  = {Cloning;Indexes;Detectors;Benchmark testing;Scalability;Software;Standards;clone detection;large software repositories;software repositories;code clones;recall;precision;scalability;large-scale;big-code},
  doi       = {10.1145/2884781.2884877}
}

@inproceedings{10.1145/3324884.3416562,
  author    = {Wu, Yueming and Zou, Deqing and Dou, Shihan and Yang, Siru and Yang, Wei and Cheng, Feng and Liang, Hong and Jin, Hai},
  title     = {SCDetector: software functional clone detection based on semantic tokens analysis},
  year      = {2021},
  isbn      = {9781450367684},
  publisher = {Association for Computing Machinery},
  address   = {New York, NY, USA},
  url       = {https://doi.org/10.1145/3324884.3416562},
  doi       = {10.1145/3324884.3416562},
  pages     = {821–833},
  numpages  = {13},
  keywords  = {semantic tokens, siamese network, social network centrality},
  location  = {Virtual Event, Australia},
  series    = {ASE '20}
}